@ARTICLE{balb13,shorttitle = {PACo},
author = {Balbuena, Juan Antonio and M{\'\i}guez-Lozano, Ra{\'u}l and Blasco-Costa, Isabel},
journal = {{PLoS} {ONE}},
title = {{PACo}: A Novel Procrustes Application to Cophylogenetic Analysis},
number = {4},
volume = {8},
year = {2013},
pages = {e61048},
}
@ARTICLE{benk03a,author = {Benkman, Craig W. and Parchman, Thomas L. and Favis, Amanda and Siepielski, Adam M.},
journal = {Am. Nat.},
title = {Reciprocal selection causes a coevolutionary arms race between crossbills and lodgepole pine},
number = {2},
volume = {162},
year = {2003},
pages = {182--194},
}
@ARTICLE{cave09,copyright = {{\textcopyright} 2009 Blackwell Publishing Ltd/{CNRS}},
author = {Cavender-Bares, Jeannine and Kozak, Kenneth H. and Fine, Paul V. A. and Kembel, Steven W.},
journal = {Ecol. Lett.},
title = {The merging of community ecology and phylogenetic biology},
number = {7},
volume = {12},
language = {en},
year = {2009},
pages = {693--715},
issn = {1461-0248},
}
@BOOK{comb01,publisher = {University Of Chicago Press},
author = {Combes, Claude},
title = {Parasitism - The Ecology and Evolution of Intimate Interactions},
year = {2001},
}
@ARTICLE{fahr13,author = {Fahrenholz, H.},
journal = {Zool. Anz.},
title = {Ectoparasiten und abstammungslehre},
volume = {41},
year = {1913},
pages = {371--374},
}
@ARTICLE{gale13,language = {en},
author = {Galetti, Mauro and Guevara, Roger and C{\^o}rtes, Marina C. and Fadini, Rodrigo and Matter, Sandro Von and Leite, Abra{\~a}o B. and Labecca, F{\'a}bio and Ribeiro, Thiago and Carvalho, Carolina S. and Collevatti, Rosane G. and Pires, Mathias M. and Guimar{\~a}es, Paulo R. and Brancalion, Pedro H. and Ribeiro, Milton C. and Jordano, Pedro},
journal = {Science},
title = {Functional Extinction of Birds Drives Rapid Evolutionary Changes in Seed Size},
number = {6136},
volume = {340},
year = {2013},
pmid = {23723235},
pages = {1086--1090},
issn = {0036-8075, 1095-9203},
}
@ARTICLE{gand08,author = {Gandon, Sylvain and Buckling, Angus and Decaestecker, Ellen and Day, Troy},
journal = {J. Evol. Biol.},
title = {Host-parasite coevolution and patterns of adaptation across time and space},
number = {6},
volume = {21},
year = {2008},
pages = {1861--1866},
}
@ARTICLE{hemb14,copyright = {Copyright {\textcopyright} 2014 The University of Chicago},
author = {Hembry, David H. and Yoder, , Jeremy B. and Goodman, Kari Roesch},
journal = {The American Naturalist},
title = {Coevolution and the Diversification of Life.},
number = {4},
volume = {184},
year = {2014},
pages = {425--438},
issn = {0003-0147},
}
@ARTICLE{ives10,copyright = {Copyright {\textcopyright} 2010 The University of Chicago},
author = {Ives, Anthony R. and Helmus, Matthew R.},
journal = {The American Naturalist},
title = {Phylogenetic Metrics of Community Similarity.},
number = {5},
volume = {176},
year = {2010},
pages = {E128--E142},
issn = {0003-0147},
}
@ARTICLE{jord03,author = {Jordano, Pedro and Bascompte, Jordi and Olesen, Jens M},
journal = {Ecol. Lett.},
title = {Invariant properties in coevolutionary networks of plant-animal interactions},
number = {1},
volume = {6},
year = {2003},
pages = {69--81},
issn = {1461023X},
}
@ARTICLE{kras12a,language = {en},
author = {Krasnov, Boris R. and Fortuna, Miguel A. and Mouillot, David and Khokhlova, Irina S. and Shenbrot, Georgy I. and Poulin, Robert},
journal = {The American Naturalist},
title = {Phylogenetic Signal in Module Composition and Species Connectivity in Compartmentalized Host-Parasite Networks},
number = {4},
volume = {179},
year = {2012},
pages = {501--511},
issn = {00030147, 15375323},
}
@ARTICLE{lege02,author = {Legendre, Pierre and Desdevises, Yves and Bazin, Eric},
journal = {Syst. Biol.},
title = {A statistical test for host-parasite coevolution.},
number = {2},
volume = {51},
year = {2002},
pages = {217--234},
}
@ARTICLE{olit14,copyright = {{\textcopyright} 2014 The Authors},
author = {Olito, Colin and Fox, Jeremy W.},
journal = {Oikos},
title = {Species traits and abundances predict metrics of plant{\textendash}pollinator network structure, but not pairwise interactions},
language = {en},
year = {2014},
pages = {n/a--n/a},
issn = {1600-0706},
}
@BOOK{page03,publisher = {University of Chicago Press},
author = {Page, Roderick D M},
title = {Tangled trees: Phylogeny, cospeciation, and coevolution},
year = {2003},
}
@INCOLLECTION{pois15,publisher = {Cambridge University Press},
author = {Poisot, Timoth{\'e}e},
booktitle = {Evolutionary Ecology of Host-Parasite Systems},
title = {When is cophylogeny evidence of coevolution?},
editor = {Morand, Serge and Littlewood, D T and Poulin, Robert},
year = {2015},
}
@ARTICLE{reze07,author = {Rezende, Enrico L and Lavabre, Jessica E and Guimar{\~a}es, Paulo R and Jordano, Pedro and Bascompte, Jordi},
journal = {Nature},
title = {Non-random coextinctions in phylogenetically structured mutualistic networks.},
number = {7156},
volume = {448},
year = {2007},
pages = {925--8},
issn = {1476-4687},
}
@ARTICLE{stou12,language = {en},
author = {Stouffer, Daniel B. and Sales-Pardo, Marta and Sirer, M. Irmak and Bascompte, Jordi},
journal = {Science},
title = {Evolutionary Conservation of Species' Roles in Food Webs},
number = {6075},
volume = {335},
year = {2012},
pages = {1489--1492},
issn = {0036-8075, 1095-9203},
}
@BOOK{thom05,publisher = {University Of Chicago Press},
author = {Thompson, John N},
title = {The Geographic Mosaic of Coevolution},
year = {2005},
}
@ARTICLE{thom99,author = {Thompson, John N},
journal = {Oikos},
title = {The raw material for coevolution},
number = {1},
volume = {84},
year = {1999},
pages = {5--16},
}
@ARTICLE{van73,author = {Van Valen, Leigh},
journal = {Evol. Theory},
title = {A new evolutionary law},
number = {1},
volume = {1},
year = {1973},
pages = {1--30},
}
@ARTICLE{vern09,author = {Verneau, Olivier and Du Preez, Louis and Badets, Mathieu},
journal = {C. R. Biol.},
title = {Lessons from parasitic flatworms about evolution and historical biogeography of their vertebrate hosts},
number = {2},
volume = {332},
year = {2009},
pages = {149--158},
}
@BOOK{mora10,publisher = {Oxford University Press},
title = {Biogreography of host-parasite interactions},
address = {Oxford},
editor = {Morand, Serge and Krasnov, Boris},
year = {2010},
}
